1438 2434
270.0 66.0 76.0 55.0 66

263.0 132.0 1028.0 55.0 chose aucune en fraude, & alencontre des Edicts

269.0 194.0 1026.0 60.0 de paix, sous le benesice desquels, il commandoit

269.0 252.0 1022.0 61.0 à tous ses suiets, de se comporter & viure paisible

267.0 313.0 1024.0 58.0 ment l’vn auec l’autre: Ces letres estoyẽt signees

270.0 371.0 893.0 59.0 par Pinart secretaire d’estat, le 24. d’Aoust.

326.0 428.0 964.0 53.0 La Royne-mere escriuit aussi des letres aus¬

267.0 489.0 1026.0 51.0 dits gouuerneurs & ambassadeurs, de mesme su¬

265.0 563.0 1028.0 37.0 ftapee que les tetres du Roy. Peeni vue meirau

265.0 607.0 1025.0 50.0 tre de ces lettes, il n’estoit faite aucune mention

266.0 662.0 1020.0 56.0 de la conspiratiõ de l’Amiral, ne de ses consorts.

266.0 724.0 1023.0 61.0 Mais combiẽ que ces letres fussent enuoyees par

266.0 782.0 1027.0 59.0 les prouinces de la France, dans Paris on n’oyoit

269.0 842.0 1024.0 61.0 parler de chose qui en approchast, ne qui tendist

266.0 897.0 668.0 61.0 à app aiser la furie des seditieux.

527.0 74.0 559.0 53.0 DIALOGVE I.

323.0 954.0 967.0 65.0 Le lundi 25. d’Aoust, les Parisiens ayans assis

265.0 1018.0 1024.0 58.0 des gardes aux portes de leur ville, par comman¬

265.0 1076.0 1028.0 58.0 dement du Roy qui en voulut auoir les clefs, afin

263.0 1131.0 1026.0 68.0 (ce disoit-il) que nul Huguenot eschappast par cõ

266.0 1196.0 1025.0 57.0 pere ou par commere, apres auoir moissonné le

261.0 1252.0 1030.0 61.0 champ à grand tas & à plerne main, ils alloyent

263.0 1311.0 1031.0 60.0 cueillant çà & là les espics restans du iour prece¬

262.0 1371.0 1028.0 58.0 dent: menaçant de mort quiconque receleroit au

262.0 1433.0 1024.0 59.0 cun Huguenot, quelque parent ou amy qu’il luy

259.0 1487.0 1031.0 59.0 fust: de sorte, que tant qu’ils en trouuerent de re¬

261.0 1545.0 1024.0 60.0 ste, furent tuez, & leurs meubles baillez en proye,

261.0 1605.0 771.0 51.0 comme aussi les meubles des absens.

323.0 1660.0 960.0 66.0 Le Roy donna aux Suysses de sa garde, pour le

259.0 1724.0 1028.0 56.0 bon deuoir qu’ils auoyent monstre en cest affai¬

255.0 1779.0 1038.0 61.0 re, le sac & pillage de la marson d vn tres riche la¬

257.0 1841.0 1020.0 61.0 pidaire, nommé Thierry Baduere: i’ay'ouy dire,

257.0 1901.0 1028.0 52.0 que ce qu’on luy a pillé, valoit plus de deux cens

254.0 1956.0 250.0 58.0 mille escus.

1197.0 2014.0 80.0 54.0 Le
