1419 2440
128.0 149.0 805.0 65.0 re, c’est plustost temerité que douceur.

177.0 210.0 965.0 62.0 L’Angleterre tient (comme l’on dict) le loup

127.0 272.0 1013.0 61.0 par les oreilles, ils ne le peuuẽt tenir long temps,

126.0 330.0 1018.0 52.0 & encores moins le lascher, que en l’vne & l’au¬

126.0 386.0 1018.0 61.0 tre sorte il ne leur face beaucoup de mal. Le pe¬

124.0 444.0 1019.0 62.0 ril y est tout euident, & ia essayé: vouloir enco¬

126.0 505.0 1018.0 56.0 res choquer au mesme escueuil où l’on vient de

124.0 562.0 1016.0 64.0 faire naufrage, ce seroit à tort, comme dit le pro

123.0 620.0 719.0 63.0 uerbe, qu’on accuseroit Neptune.

285.0 75.0 604.0 65.0 DIALOGVETI.

177.0 680.0 967.0 60.0 Cela est bien certain, que tant que la royne

123.0 736.0 1023.0 62.0 d’Escosse y sera, elle ne cessera de troubler cest

120.0 794.0 1026.0 58.0 estat, par conspirations intestines: Et si elle en est

120.0 854.0 1026.0 61.0 vne fois hors (comme Charles de Valois s’essayé

119.0 923.0 987.0 51.0 iournellement de l’en tirer) par guerre externe.

175.0 971.0 969.0 63.0 Il n’y a rien de si pernicieux à vn Royaume que

122.0 1031.0 1020.0 62.0 d’y auoir vn succesieur, ayant des qualitez si per¬

122.0 1088.0 1022.0 62.0 nicieuses à vn estat, que la royne d’Escosse. Car

122.0 1146.0 1021.0 64.0 en premier lieu, C’est vn successeur ennemy, el¬

122.0 1207.0 1018.0 61.0 le l’auoit assez monstré par les guerres pas¬

123.0 1266.0 1021.0 66.0 sees. Mais en la conspiration derniere elle a

124.0 1324.0 1018.0 65.0 descouuert la plus capitale haine qui se peut mõ¬

126.0 1393.0 153.0 49.0 Rrer.

1099.0 91.0 37.0 55.0 F

184.0 1435.0 962.0 66.0 L'ambition & cupidité de ceste Couronne, ne

124.0 1500.0 1026.0 61.0 luy petmet point d’attendre le temps de la suc¬

127.0 1557.0 1022.0 56.0 cession. Elle a autrefois vsurpé le titre & les ar¬

128.0 1626.0 128.0 54.0 mes.

185.0 1674.0 966.0 62.0 A present par ceste conspiration, elle a mon¬

127.0 1731.0 1028.0 56.0 stré d’en vouloir auoir la possession & la com

131.0 1793.0 200.0 61.0 modité.

158.0 1848.0 995.0 63.0 Dauantage, elle est estrangere de nation, tel¬

131.0 1938.0 1026.0 35.0 lelacts do Celcer- ccc-cie y Cottili tcrei
