1474 2429
294.0 155.0 1020.0 37.0 AN.3224.1.

680.0 190.0 235.0 66.0 Dialogue.

342.0 302.0 975.0 69.0 Le Politique & l’Historiographe François, re¬

292.0 367.0 1025.0 63.0 uenans par diuers chemins de leur charge, se ren¬

291.0 430.0 1026.0 57.0 contrent (comme Dieu veut) logez en vne mes¬

292.0 484.0 1025.0 63.0 me hostellerie à Fribourg en Brifgoye, & apres

292.0 545.0 1028.0 59.0 s’estre recognus, caressez & recueillis, ils recitent

291.0 600.0 1023.0 65.0 l’vn à l’autre le succez de leurs voyages, l’estat pre

291.0 662.0 1023.0 64.0 sent de la France, & par occasion quelque trait de

345.0 719.0 925.0 63.0 celuy d’Angleterre. Ils traitent aussi de la

407.0 777.0 822.0 65.0 puissance des Rois, de la tyrannie, &

446.0 839.0 709.0 61.0 de la seruitude volontaire, & plu¬

461.0 897.0 680.0 53.0 sieurs autres belles matieres tres

512.0 958.0 581.0 59.0 necessaires en ce temps, re¬

538.0 1014.0 533.0 53.0 seruans au lendemain ce

622.0 1070.0 340.0 63.0 qu’ils ont à dire

707.0 1128.0 174.0 70.0 de plus.

1137.0 1299.0 166.0 69.0 DIA¬
